@article {MR1264933,
    AUTHOR = {Morton, Patrick and Silverman, Joseph H.},
     TITLE = {Rational periodic points of rational functions},
   JOURNAL = {Internat. Math. Res. Notices},
  FJOURNAL = {International Mathematics Research Notices},
      YEAR = {1994},
    NUMBER = {2},
     PAGES = {97--110},
      ISSN = {1073-7928},
   MRCLASS = {11G99 (14E05)},
  MRNUMBER = {1264933 (95b:11066)},
MRREVIEWER = {Jeffrey Lin Thunder},
       DOI = {10.1155/S1073792894000127},
       URL = {http://dx.doi.org/10.1155/S1073792894000127},
}

@article {MR1665198,
    AUTHOR = {Morton, Patrick},
     TITLE = {Arithmetic properties of periodic points of quadratic maps.
              {II}},
   JOURNAL = {Acta Arith.},
  FJOURNAL = {Acta Arithmetica},
    VOLUME = {87},
      YEAR = {1998},
    NUMBER = {2},
     PAGES = {89--102},
      ISSN = {0065-1036},
     CODEN = {AARIA9},
   MRCLASS = {11G30 (11F03 14G05)},
  MRNUMBER = {1665198 (2000c:11103)},
MRREVIEWER = {Nobuhiko Ishida},
}

@article {MR1480542,
    AUTHOR = {Flynn, E. V. and Poonen, Bjorn and Schaefer, Edward F.},
     TITLE = {Cycles of quadratic polynomials and rational points on a
              genus-{$2$} curve},
   JOURNAL = {Duke Math. J.},
  FJOURNAL = {Duke Mathematical Journal},
    VOLUME = {90},
      YEAR = {1997},
    NUMBER = {3},
     PAGES = {435--463},
      ISSN = {0012-7094},
     CODEN = {DUMJAO},
   MRCLASS = {11G30 (11G10 14G05)},
  MRNUMBER = {1480542 (98j:11048)},
MRREVIEWER = {Joseph H. Silverman},
       DOI = {10.1215/S0012-7094-97-09011-6},
       URL = {http://dx.doi.org/10.1215/S0012-7094-97-09011-6},
}

@article {MR2465796,
    AUTHOR = {Stoll, Michael},
     TITLE = {Rational 6-cycles under iteration of quadratic polynomials},
   JOURNAL = {LMS J. Comput. Math.},
  FJOURNAL = {LMS Journal of Computation and Mathematics},
    VOLUME = {11},
      YEAR = {2008},
     PAGES = {367--380},
      ISSN = {1461-1570},
   MRCLASS = {11G30 (11G40 37P05 37P35)},
  MRNUMBER = {2465796 (2010b:11067)},
MRREVIEWER = {Yuri Bilu},
       DOI = {10.1112/S1461157000000644},
       URL = {http://dx.doi.org/10.1112/S1461157000000644},
}

@book {MR2316407,
    AUTHOR = {Silverman, Joseph H.},
     TITLE = {The arithmetic of dynamical systems},
    SERIES = {Graduate Texts in Mathematics},
    VOLUME = {241},
 PUBLISHER = {Springer, New York},
      YEAR = {2007},
     PAGES = {x+511},
      ISBN = {978-0-387-69903-5},
   MRCLASS = {11-02 (11-01 11G05 11G07 11G50 37-02 37F10)},
  MRNUMBER = {2316407 (2008c:11002)},
MRREVIEWER = {Thomas Ward},
       DOI = {10.1007/978-0-387-69904-2},
       URL = {http://dx.doi.org/10.1007/978-0-387-69904-2},
}
