@article {MR1264933,
    AUTHOR = {Morton, Patrick and Silverman, Joseph H.},
     TITLE = {Rational periodic points of rational functions},
   JOURNAL = {Internat. Math. Res. Notices},
  FJOURNAL = {International Mathematics Research Notices},
      YEAR = {1994},
    NUMBER = {2},
     PAGES = {97--110},
      ISSN = {1073-7928},
   MRCLASS = {11G99 (14E05)},
  MRNUMBER = {1264933 (95b:11066)},
MRREVIEWER = {Jeffrey Lin Thunder},
       DOI = {10.1155/S1073792894000127},
       URL = {http://dx.doi.org/10.1155/S1073792894000127},
}

@article {MR1199627,
    AUTHOR = {Morton, Patrick},
     TITLE = {Arithmetic properties of periodic points of quadratic maps},
   JOURNAL = {Acta Arith.},
  FJOURNAL = {Acta Arithmetica},
    VOLUME = {62},
      YEAR = {1992},
    NUMBER = {4},
     PAGES = {343--372},
      ISSN = {0065-1036},
     CODEN = {AARIA9},
   MRCLASS = {12E10 (12F10)},
  MRNUMBER = {1199627 (93k:12004)},
MRREVIEWER = {R. W. K. Odoni},
}

@article {MR1665198,
    AUTHOR = {Morton, Patrick},
     TITLE = {Arithmetic properties of periodic points of quadratic maps.
              {II}},
   JOURNAL = {Acta Arith.},
  FJOURNAL = {Acta Arithmetica},
    VOLUME = {87},
      YEAR = {1998},
    NUMBER = {2},
     PAGES = {89--102},
      ISSN = {0065-1036},
     CODEN = {AARIA9},
   MRCLASS = {11G30 (11F03 14G05)},
  MRNUMBER = {1665198 (2000c:11103)},
MRREVIEWER = {Nobuhiko Ishida},
}

@article {MR1480542,
    AUTHOR = {Flynn, E. V. and Poonen, Bjorn and Schaefer, Edward F.},
     TITLE = {Cycles of quadratic polynomials and rational points on a
              genus-{$2$} curve},
   JOURNAL = {Duke Math. J.},
  FJOURNAL = {Duke Mathematical Journal},
    VOLUME = {90},
      YEAR = {1997},
    NUMBER = {3},
     PAGES = {435--463},
      ISSN = {0012-7094},
     CODEN = {DUMJAO},
   MRCLASS = {11G30 (11G10 14G05)},
  MRNUMBER = {1480542 (98j:11048)},
MRREVIEWER = {Joseph H. Silverman},
       DOI = {10.1215/S0012-7094-97-09011-6},
       URL = {http://dx.doi.org/10.1215/S0012-7094-97-09011-6},
}

@article {MR2465796,
    AUTHOR = {Stoll, Michael},
     TITLE = {Rational 6-cycles under iteration of quadratic polynomials},
   JOURNAL = {LMS J. Comput. Math.},
  FJOURNAL = {LMS Journal of Computation and Mathematics},
    VOLUME = {11},
      YEAR = {2008},
     PAGES = {367--380},
      ISSN = {1461-1570},
   MRCLASS = {11G30 (11G40 37P05 37P35)},
  MRNUMBER = {2465796 (2010b:11067)},
MRREVIEWER = {Yuri Bilu},
       DOI = {10.1112/S1461157000000644},
       URL = {http://dx.doi.org/10.1112/S1461157000000644},
}

@book {MR2316407,
    AUTHOR = {Silverman, Joseph H.},
     TITLE = {The arithmetic of dynamical systems},
    SERIES = {Graduate Texts in Mathematics},
    VOLUME = {241},
 PUBLISHER = {Springer, New York},
      YEAR = {2007},
     PAGES = {x+511},
      ISBN = {978-0-387-69903-5},
   MRCLASS = {11-02 (11-01 11G05 11G07 11G50 37-02 37F10)},
  MRNUMBER = {2316407 (2008c:11002)},
MRREVIEWER = {Thomas Ward},
       DOI = {10.1007/978-0-387-69904-2},
       URL = {http://dx.doi.org/10.1007/978-0-387-69904-2},
}

@book {MR1917232,
    AUTHOR = {Liu, Qing},
     TITLE = {Algebraic geometry and arithmetic curves},
    SERIES = {Oxford Graduate Texts in Mathematics},
    VOLUME = {6},
      NOTE = {Translated from the French by Reinie Ern{\'e},
              Oxford Science Publications},
 PUBLISHER = {Oxford University Press, Oxford},
      YEAR = {2002},
     PAGES = {xvi+576},
      ISBN = {0-19-850284-2},
   MRCLASS = {14-01 (11G30 14A05 14A15 14Gxx 14Hxx)},
  MRNUMBER = {1917232 (2003g:14001)},
MRREVIEWER = {C{\'{\i}}cero Fernandes de Carvalho},
}

@article {MR718935,
    AUTHOR = {Faltings, G.},
     TITLE = {Endlichkeitss\"atze f\"ur abelsche {V}ariet\"aten \"uber
              {Z}ahlk\"orpern},
   JOURNAL = {Invent. Math.},
  FJOURNAL = {Inventiones Mathematicae},
    VOLUME = {73},
      YEAR = {1983},
    NUMBER = {3},
     PAGES = {349--366},
      ISSN = {0020-9910},
     CODEN = {INVMBH},
   MRCLASS = {11D41 (11G30 14G25)},
  MRNUMBER = {718935 (85g:11026a)},
MRREVIEWER = {James Milne},
       DOI = {10.1007/BF01388432},
       URL = {http://dx.doi.org/10.1007/BF01388432},
}

@article {MR808103,
    AUTHOR = {Coleman, Robert F.},
     TITLE = {Effective {C}habauty},
   JOURNAL = {Duke Math. J.},
  FJOURNAL = {Duke Mathematical Journal},
    VOLUME = {52},
      YEAR = {1985},
    NUMBER = {3},
     PAGES = {765--770},
      ISSN = {0012-7094},
     CODEN = {DUMJAO},
   MRCLASS = {11G30 (14G25 14K15)},
  MRNUMBER = {808103 (87f:11043)},
MRREVIEWER = {Loren D. Olson},
       DOI = {10.1215/S0012-7094-85-05240-8},
       URL = {http://dx.doi.org/10.1215/S0012-7094-85-05240-8},
}

@phdthesis {MR2982105,
    AUTHOR = {Panraksa, Chatchawan},
     TITLE = {Arithmetic dynamics of quadratic polynomials and dynamical units},
    SCHOOL = {University of Maryland, College Park},
      YEAR = {2011},
     PAGES = {42},
      ISBN = {978-1124-97029-5},
   MRCLASS = {Thesis},
  MRNUMBER = {2982105},
       URL = {http://hdl.handle.net/1903/11942},
      NOTE = {Available at \url{http://hdl.handle.net/1903/11942}},
}

@incollection {MR1956273,
    AUTHOR = {Poonen, Bjorn},
     TITLE = {Computing rational points on curves},
 BOOKTITLE = {Number theory for the millennium, {III} ({U}rbana, {IL},
              2000)},
     PAGES = {149--172},
 PUBLISHER = {A K Peters, Natick, MA},
      YEAR = {2002},
   MRCLASS = {11G30 (11Y50)},
  MRNUMBER = {1956273 (2003k:11105)},
MRREVIEWER = {Yuri Tschinkel},
}

@article {MR2780629,
    AUTHOR = {Stoll, Michael},
     TITLE = {Rational points on curves},
   JOURNAL = {J. Th\'eor. Nombres Bordeaux},
  FJOURNAL = {Journal de Th\'eorie des Nombres de Bordeaux},
    VOLUME = {23},
      YEAR = {2011},
    NUMBER = {1},
     PAGES = {257--277},
      ISSN = {1246-7405},
   MRCLASS = {14G05 (11G30 14G25)},
  MRNUMBER = {2780629 (2012d:14037)},
MRREVIEWER = {Yasuhiro Goto},
       URL = {http://jtnb.cedram.org/item?id=JTNB_2011__23_1_257_0},
}

@ARTICLE{2013arXiv1308.3267B,
   author = {{Bars}, F.},
    title = "{On quadratic points of classical modular curves}",
  journal = {ArXiv e-prints},
archivePrefix = "arXiv",
   eprint = {1308.3267},
 primaryClass = "math.NT",
 keywords = {Mathematics - Number Theory, Mathematics - Algebraic Geometry},
     year = 2013,
    month = aug,
   adsurl = {http://adsabs.harvard.edu/abs/2013arXiv1308.3267B},
  adsnote = {Provided by the SAO/NASA Astrophysics Data System},
     note = {Available at \url{http://arxiv.org/abs/1308.3267}},
}

@misc{src,
   author = {Wang, Zhiming},
    title = {Programs that accompany this report},
      doi = "{10.5281/zenodo.11584}",
     note = {Available at \url{http://dx.doi.org/10.5281/zenodo.11584}, or on GitHub, as \href{https://github.com/surim-arithmetic-dynamics/src/tree/v1.0.1}{\texttt{surim-arithmetic-dynamics/src}}},
}

@incollection {MR2238272,
    AUTHOR = {Wiles, Andrew},
     TITLE = {The {B}irch and {S}winnerton-{D}yer conjecture},
 BOOKTITLE = {The millennium prize problems},
     PAGES = {31--41},
 PUBLISHER = {Clay Math. Inst., Cambridge, MA},
      YEAR = {2006},
   MRCLASS = {11G40},
  MRNUMBER = {2238272},
}

@book {MR0463157,
    AUTHOR = {Hartshorne, Robin},
     TITLE = {Algebraic geometry},
      NOTE = {Graduate Texts in Mathematics, No. 52},
 PUBLISHER = {Springer-Verlag, New York-Heidelberg},
      YEAR = {1977},
     PAGES = {xvi+496},
      ISBN = {0-387-90244-9},
   MRCLASS = {14-01},
  MRNUMBER = {0463157 (57 \#3116)},
MRREVIEWER = {Robert Speiser},
}
